@INPROCEEDINGS{programComp, 
author={R. Wettel and M. Lanza}, 
booktitle={15th IEEE International Conference on Program Comprehension (ICPC '07)}, 
title={Program Comprehension through Software Habitability}, 
year={2007}, 
pages={231-240}, 
keywords={program visualisation;reverse engineering;3D representation;UML;metaphor;program comprehension;software habitability;software visualization;visual representation;Cities and towns;Cognitive science;Humans;Informatics;Navigation;Programming profession;Reverse engineering;Software systems;Visualization;Writing}, 
doi={10.1109/ICPC.2007.30}, 
ISSN={1092-8138}, 
month={June},}


@INPROCEEDINGS{vssac, 
author={R. Wettel and M. Lanza}, 
booktitle={2007 4th IEEE International Workshop on Visualizing Software for Understanding and Analysis}, 
title={Visualizing Software Systems as Cities}, 
year={2007}, 
pages={92-99}, 
keywords={data visualisation;object-oriented programming;program visualisation;3D visualization approach;object-oriented software system;program comprehension;realistic software city;source code;Cities and towns;Displays;Java;Navigation;Packaging;Software systems;Software tools;Topology;Visualization}, 
doi={10.1109/VISSOF.2007.4290706}, 
month={June},}

@book{Gabriel,
title={Patterns of software},
author={Gabriel, Richard P},
volume={62},
year={1996},
publisher={Oxford University Press New York}
}
@inproceedings{stormed,
Author = {Luca Ponzanelli and Andrea Mocci and Michele Lanza},
Title = {StORMeD: Stack Overflow Ready Made Data},
Booktitle = {Proceedings of MSR 2015 (12th Working Conference on Mining Software Repositories)},
Pages = {to appear},
Publisher = {ACM Press},
Year = {2015}
}
@INPROCEEDINGS{Bacchelli, 
author={A. Bacchelli and A. Cleve and M. Lanza and A. Mocci}, 
booktitle={Automated Software Engineering (ASE), 2011 26th IEEE/ACM International Conference on}, 
title={Extracting structured data from natural language documents with island parsing}, 
year={2011}, 
pages={476-479}, 
keywords={data mining;grammars;natural language processing;island parsing;natural language document;structured information;Data mining;Electronic mail;Grammar;History;Java;Natural languages;Production}, 
doi={10.1109/ASE.2011.6100103}, 
ISSN={1938-4300}, 
month={Nov}}	


@misc{wikiCory, 
author = {Wikipedia},
title = {Corollary},
url = {https://en.wikipedia.org/wiki/Corollary},
}





@misc{ Oracle,
author = {Oracle},
title = {Java Code Conventions},
url = {http://www.oracle.com/technetwork/java/codeconventions-150003.pdf},
}


@INPROCEEDINGS{SoftwareWorld, 
author={C. Knight and M. Munro}, 
booktitle={Information Visualization, 2000. Proceedings. IEEE International Conference on}, 
title={Virtual but visible software}, 
year={2000}, 
pages={198-205}, 
keywords={Java;program visualisation;reverse engineering;virtual reality;Java source code;graphical abstractions;program code visualisation;software visualisation;virtual reality;virtual visible software;Computer science;Data visualization;Information filtering;Information filters;Java;Navigation;Software systems;Usability;Virtual environment;Virtual reality}, 
doi={10.1109/IV.2000.859756}, 
ISSN={1093-9547}, 
month={},
}


@inproceedings{IDM,
 author = {Charters, Stuart M. and Knight, Claire and Thomas, Nigel and Munro, Malcolm},
 title = {Visualisation for Informed Decision Making; from Code to Components},
 booktitle = {Proceedings of the 14th International Conference on Software Engineering and Knowledge Engineering},
 series = {SEKE '02},
 year = {2002},
 isbn = {1-58113-556-4},
 location = {Ischia, Italy},
 pages = {765--772},
 numpages = {8},
 url = {http://doi.acm.org/10.1145/568760.568891},
 doi = {10.1145/568760.568891},
 acmid = {568891},
 publisher = {ACM},
 address = {New York, NY, USA},
} 

@inproceedings{LS,
 author = {Balzer, Michael and Noack, Andreas and Deussen, Oliver and Lewerentz, Claus},
 title = {Software Landscapes: Visualizing the Structure of Large Software Systems},
 booktitle = {Proceedings of the Sixth Joint Eurographics - IEEE TCVG Conference on Visualization},
 series = {VISSYM'04},
 year = {2004},
 isbn = {3-905673-07-X},
 location = {Konstanz, Germany},
 pages = {261--266},
 numpages = {6},
 url = {http://dx.doi.org/10.2312/VisSym/VisSym04/261-266},
 doi = {10.2312/VisSym/VisSym04/261-266},
 acmid = {2384265},
 publisher = {Eurographics Association},
 address = {Aire-la-Ville, Switzerland, Switzerland},
} 

@INPROCEEDINGS{Evolution, 
author={R. Wettel and M. Lanza}, 
booktitle={2008 15th Working Conference on Reverse Engineering}, 
title={Visual Exploration of Large-Scale System Evolution}, 
year={2008}, 
pages={219-228}, 
keywords={data visualisation;object-oriented programming;reverse engineering;large-scale system evolution;object-oriented software system;real-time interactive 3D visualization;reverse engineering;Cognitive science;Data analysis;History;Informatics;Large-scale systems;Open source software;Real time systems;Reverse engineering;Software systems;Visualization;3D software visualization;software evolution}, 
doi={10.1109/WCRE.2008.55}, 
ISSN={1095-1350}, 
month={Oct},}

@INPROCEEDINGS{VVV, 
author={Y. Tymchuk and A. Mocci and M. Lanza}, 
booktitle={2015 IEEE 22nd International Conference on Software Analysis, Evolution, and Reengineering (SANER)}, 
title={Code review: Veni, ViDI, vici}, 
year={2015}, 
pages={151-160}, 
keywords={program diagnostics;program visualisation;software quality;ViDI;code review techniques;code review tools;defect detection;design heuristics;knowledge sharing;software development;software quality;static code analysis technique;visual design inspection;visualization techniques;Birds;Feature extraction;Inspection;Navigation;Software quality;Visualization}, 
doi={10.1109/SANER.2015.7081825}, 
ISSN={1534-5351}, 
month={March},}

@inproceedings{LaToza,
 author = {LaToza, Thomas D. and Venolia, Gina and DeLine, Robert},
 title = {Maintaining Mental Models: A Study of Developer Work Habits},
 booktitle = {Proceedings of the 28th International Conference on Software Engineering},
 series = {ICSE '06},
 year = {2006},
 isbn = {1-59593-375-1},
 location = {Shanghai, China},
 pages = {492--501},
 numpages = {10},
 url = {http://doi.acm.org/10.1145/1134285.1134355},
 doi = {10.1145/1134285.1134355},
 acmid = {1134355},
 publisher = {ACM},
 address = {New York, NY, USA},
 keywords = {agile software development, code duplication, code ownership, communication, debugging, interruptions},
} 


@article{Corbi,
 author = {Corbi, T. A.},
 title = {Program Understanding: Challenge for the 1990's},
 journal = {IBM Syst. J.},
 issue_date = {1989},
 volume = {28},
 number = {2},
 month = jun,
 year = {1989},
 issn = {0018-8670},
 pages = {294--306},
 numpages = {13},
 url = {http://dx.doi.org/10.1147/sj.282.0294},
 doi = {10.1147/sj.282.0294},
 acmid = {97124},
 publisher = {IBM Corp.},
 address = {Riverton, NJ, USA},
} 
@article{Guimaraes,
 author = {Guimaraes, Tor},
 title = {Managing Application Program Maintenance Expenditures},
 journal = {Commun. ACM},
 issue_date = {Oct. 1983},
 volume = {26},
 number = {10},
 month = oct,
 year = {1983},
 issn = {0001-0782},
 pages = {739--746},
 numpages = {8},
 url = {http://doi.acm.org/10.1145/358413.358421},
 doi = {10.1145/358413.358421},
 acmid = {358421},
 publisher = {ACM},
 address = {New York, NY, USA},
 keywords = {application program maintenance, managing application program maintenance expenditures},
} 

@ARTICLE{Mayrhauser, 
author={A. Von Mayrhauser and A. M. Vans}, 
journal={Computer}, 
title={Program comprehension during software maintenance and evolution}, 
year={1995}, 
volume={28}, 
number={8}, 
pages={44-55}, 
keywords={human factors;large-scale systems;reverse engineering;software maintenance;bottom-up model;code cognition models;data availability;experimental procedures;integrated metamodel;large-scale code;partial understanding;program code understanding;program comprehension models;scalability;software evolution;software maintenance;specialized tasks;top-down model;Application software;Cognition;Cognitive science;Computer architecture;Documentation;Large-scale systems;Programming profession;Round robin;Scalability;Software maintenance}, 
doi={10.1109/2.402076}, 
ISSN={0018-9162}, 
month={Aug},}

@inproceedings{Treude,
 author = {Treude, Christoph and Barzilay, Ohad and Storey, Margaret-Anne},
 title = {How Do Programmers Ask and Answer Questions on the Web? (NIER Track)},
 booktitle = {Proceedings of the 33rd International Conference on Software Engineering},
 series = {ICSE '11},
 year = {2011},
 isbn = {978-1-4503-0445-0},
 location = {Waikiki, Honolulu, HI, USA},
 pages = {804--807},
 numpages = {4},
 url = {http://doi.acm.org/10.1145/1985793.1985907},
 doi = {10.1145/1985793.1985907},
 acmid = {1985907},
 publisher = {ACM},
 address = {New York, NY, USA},
 keywords = {q\&\#38;a, questions, social media, stack overflow},
} 

@INPROCEEDINGS{QEA, 
author={L. Ponzanelli and A. Mocci and A. Bacchelli and M. Lanza}, 
booktitle={2014 14th International Conference on Quality Software}, 
title={Understanding and Classifying the Quality of Technical Forum Questions}, 
year={2014}, 
pages={343-352}, 
keywords={Web sites;question answering (information retrieval);Q & A Web site;SO;StackOverflow;questions and answers services;technical forum questions;Communities;Decision trees;Entropy;Feature extraction;Indexes;Measurement;Predictive models;Q&amp;A;Quality;StackOverflow;Technical Forum}, 
doi={10.1109/QSIC.2014.27}, 
ISSN={1550-6002}, 
month={Oct},}

@inproceedings{SISE,
 author = {Treude, Christoph and Robillard, Martin P.},
 title = {Augmenting API Documentation with Insights from Stack Overflow},
 booktitle = {Proceedings of the 38th International Conference on Software Engineering},
 series = {ICSE '16},
 year = {2016},
 isbn = {978-1-4503-3900-1},
 location = {Austin, Texas},
 pages = {392--403},
 numpages = {12},
 url = {http://doi.acm.org/10.1145/2884781.2884800},
 doi = {10.1145/2884781.2884800},
 acmid = {2884800},
 publisher = {ACM},
 address = {New York, NY, USA},
 keywords = {API documentation, insight sentences, stack overflow},
} 
@INPROCEEDINGS{7231439, 
author={A. Arwan and S. Rochimah and R. J. Akbar}, 
booktitle={Information and Communication Technology (ICoICT ), 2015 3rd International Conference on}, 
title={Source code retrieval on StackOverflow using LDA}, 
year={2015}, 
pages={295-299}, 
keywords={Java;query processing;question answering (information retrieval);recommender systems;source code (software);Internet code search;Java programming;LDA algorithm;StackOverflow;code snippets;concept location;corpus generation;latent Dirichlet allocation;local repository;method identifiers;normal words;precision value;query concepts;question answering;question asking;randomString identifier;recall value;source code recommendation;source code retrieval;tf-idf method;variable identifiers;word occurrences;Conferences;Data preprocessing;Java;Programming;Resource management;Software;Concept Location;Latent Dirichlet Allocation;Source Code Searching}, 
doi={10.1109/ICoICT.2015.7231439}, 
month={May},}

@inproceedings{Disharmony,
 author = {Wettel, Richard and Lanza, Michele},
 title = {Visually Localizing Design Problems with Disharmony Maps},
 booktitle = {Proceedings of the 4th ACM Symposium on Software Visualization},
 series = {SoftVis '08},
 year = {2008},
 isbn = {978-1-60558-112-5},
 location = {Ammersee, Germany},
 pages = {155--164},
 numpages = {10},
 url = {http://doi.acm.org/10.1145/1409720.1409745},
 doi = {10.1145/1409720.1409745},
 acmid = {1409745},
 publisher = {ACM},
 address = {New York, NY, USA},
 keywords = {software design anomalies, software visualization},
} 